<record><leader>00000cas a2200000I  4500</leader><controlfield tag="001">6445097</controlfield><controlfield tag="008">800620d19uu19uutxumr n       0   a0eng  </controlfield><controlfield tag="009">185</controlfield><datafield ind1=" " ind2=" " tag="010"><subfield code="a">ca 06002662 </subfield></datafield><datafield ind1=" " ind2=" " tag="040"><subfield code="a">DLC</subfield><subfield code="b">eng</subfield><subfield code="c">IWU</subfield><subfield code="d">OCL</subfield><subfield code="d">OCLCQ</subfield></datafield><datafield ind1=" " ind2=" " tag="050"><subfield code="a">AP2</subfield><subfield code="b">.A342</subfield></datafield><datafield ind1="0" ind2="0" tag="245"><subfield code="a">American home journal;</subfield><subfield code="b">a monthly magazine for the home.</subfield></datafield><datafield ind1=" " ind2=" " tag="260"><subfield code="a">Dallas, Tex.,</subfield><subfield code="b">The American Home Journal Co.</subfield></datafield><datafield ind1=" " ind2=" " tag="300"><subfield code="a">v.</subfield><subfield code="b">ill.</subfield><subfield code="c">40 cm.</subfield></datafield></record>